<record><leader>00000cas a2200000 a 4500</leader><controlfield tag="001">27141995</controlfield><controlfield tag="008">921218d19uu19uuiludn ne      0   a0eng c</controlfield><datafield ind1=" " ind2=" " tag="010"><subfield code="a">sn 92053442 </subfield></datafield><datafield ind1=" " ind2=" " tag="040"><subfield code="a">NVF</subfield><subfield code="b">eng</subfield><subfield code="c">NVF</subfield><subfield code="d">OCLCQ</subfield><subfield code="d">NVF</subfield><subfield code="d">DLC</subfield><subfield code="d">OCLCO</subfield><subfield code="d">OCLCF</subfield></datafield><datafield ind1=" " ind2=" " tag="042"><subfield code="a">pcc</subfield></datafield><datafield ind1="0" ind2=" " tag="130"><subfield code="a">Daily American (West Frankfort, Ill. : Zeigler ed.)</subfield></datafield><datafield ind1="1" ind2="4" tag="245"><subfield code="a">The Daily American.</subfield></datafield><datafield ind1=" " ind2=" " tag="250"><subfield code="a">Zeigler ed.</subfield></datafield><datafield ind1=" " ind2=" " tag="260"><subfield code="a">West Frankfort, Ill. :</subfield><subfield code="b">Daily American Co.</subfield></datafield><datafield ind1=" " ind2=" " tag="300"><subfield code="a">v.</subfield></datafield><datafield ind1=" " ind2=" " tag="310"><subfield code="a">Daily (except Sunday)</subfield></datafield><datafield ind1=" " ind2=" " tag="580"><subfield code="a">Other daily ed.: Daily American (West Frankfort, Ill. : 1920), &lt;1929&gt;.</subfield></datafield><datafield ind1=" " ind2=" " tag="588"><subfield code="a">Description based on: Vol. 11, no. 72 (Oct. 7, 1929).</subfield></datafield><datafield ind1=" " ind2=" " tag="588"><subfield code="a">Latest issue consulted: Oct. 15, 1929.</subfield></datafield><datafield ind1=" " ind2="0" tag="651"><subfield code="a">Zeigler (Ill.)</subfield><subfield code="v">Newspapers.</subfield></datafield><datafield ind1=" " ind2="7" tag="655"><subfield code="a">Newspapers.</subfield><subfield code="2">fast</subfield><subfield code="0">(OCoLC)fst01423814</subfield></datafield><datafield ind1=" " ind2="7" tag="651"><subfield code="a">Illinois</subfield><subfield code="z">Zeigler.</subfield><subfield code="2">fast</subfield><subfield code="0">(OCoLC)fst01926173</subfield></datafield><datafield ind1=" " ind2=" " tag="752"><subfield code="a">United States</subfield><subfield code="b">Illinois</subfield><subfield code="c">Franklin</subfield><subfield code="d">West Franklin.</subfield></datafield><datafield ind1="1" ind2=" " tag="775"><subfield code="t">Daily American (West Frankfort, Ill. : 1920)</subfield><subfield code="w">(DLC)sn 92053440</subfield><subfield code="w">(OCoLC)27141778</subfield></datafield></record>